% Encoding: UTF-8
@book{c:1,
    author    = "Petty, G.",
    title     = "Moderní vyučování. Vyd. 5., přeložil Š. Kovařík",
    year      = "2008",
    publisher = "Portál",
    address   = "Praha"
}
@book{c:2,
    author    = "Spousta,  V.",
    title     = "Vizualizace: gnostický a komunikační prostředek edukologic-kých fenoménů. Vyd. 1.",
    year      = "2007",
    publisher = "Masarykova univerzita",
    address   = "Brno"
}
@book{c:3,
    author    = "Válek, J. and Sládek, P.",
    title     = "Web based dynamic modeling by means of PHP andJavaScript. In: J. Kapounová, K. Kostolányová: Information and Commu-nication  Technologies  in  Education.",
    year      = "2012",
    pages = "291--301",
    publisher = "Univerzita Ostrava",
    address   = "Rožnov  pod  Radhoštěm"
}
@mics{c:4,
    HOWPUBLISHED = "\url{https://vpython.org/contents/history.html}",
    TITLE = "History.  VPython",
    YEAR = "2002",
    NOTE = "Accessed on 2019-10-17"
}
@mics{c:5,
    HOWPUBLISHED = "\url{https://www.glowscript.org/docs/GlowScriptDocs/history.html}",
    TITLE = "History. GlowScript",
    YEAR = "2011",
    NOTE = "Accessed on 2019-10-17"
}
@mics{c:6,
    HOWPUBLISHED = "\url{https://trinket.io/our-story}",
    TITLE = "Our  Story.  trinket",
    YEAR = "2019",
    NOTE = "Accessed on 2019-10-17"
}
@article{c:7,
    author = "Lepil, O. and Látal, F",
    title = "Rezonance v učivu o střídavých proudech.", 
    journal = "MFI",
    volume = "23",
    pages = "356--368",
    year ="2014",
}
@book{c:8,
    author    = "Lepil, O. and Richterek, L.",
    title     = "Dynamické modelování. Repronis",
    year      = "2007",
    address   = "Olomouc"
}
@book{c:9,
    author    = "Šedivý,  P.",
    title     = "Modelování pohybů numerickými metodami. Studijní text prořešitele FO č. 38",
    year      = "1999",
    address   = "Hradec Králové"
}
@article{c:10,
    author    = "Válek, J.",
    journal = "MFI",
    TITLE = "VPython/GlowScript Trinket ve výuce fyziky",
    volume = "29",
    pages = "44--53",
    YEAR = "2020",
}